@article{fei97,
  title={A touring machine: Prototyping 3D mobile augmented reality systems for exploring the urban environment},
  author={Feiner, Steven and MacIntyre, Blair and H{\"o}llerer, Tobias and Webster, Anthony},
  journal={Personal Technologies},
  volume={1},
  number={4},
  pages={208--217},
  year={1997},
  publisher={Springer}
}

@misc{google,
  author = {Google Inc.},
  title = {{Google AR Glasses}},
  month = May,
  year = {2013},
  howpublished = "\url{http://www.google.com/glass/start/}"
}

@article{liv05,
  title={Evaluating human factors in augmented reality systems},
  author={Livingston, Mark A},
  journal={Computer Graphics and Applications, IEEE},
  volume={25},
  number={6},
  pages={6--9},
  year={2005},
  publisher={IEEE}
}

@article{azum01,
 title={Recent advances in augmented reality},
 author={Azuma, Ronald and Baillot, Yohan and Behringer, Reinhold and Feiner, Steven and Julier, Simon and MacIntyre, Blair},
 journal={Computer Graphics and Applications, IEEE},
 volume={21},
 number={6},
 pages={34--47},
 year={2001},
 publisher={IEEE}
}

@book{sze11,
 title={Computer vision: algorithms and applications},
 author={Szeliski, Richard},
 year={2011},
 publisher={Springer}
}

@inproceedings{jer05,
 title={The perception and estimation of egocentric distance in real and augmented reality environments},
 author={Jerome, Christian and Witmer, Bob},
 booktitle={Proceedings of the Human Factors and Ergonomics Society Annual Meeting},
 volume={49},
 number={26},
 pages={2249--2252},
 year={2005},
 organization={SAGE Publications}
}

@inproceedings{kru10,
 title={Perceptual issues in augmented reality revisited},
 author={Kruijff, Ernst and Swan, JE and Feiner, Steven},
 booktitle={Mixed and Augmented Reality (ISMAR), 2010 9th IEEE International Symposium on},
 pages={3--12},
 year={2010},
 organization={IEEE}
}

@article{swa07,
 title={Egocentric depth judgments in optical, see-through augmented reality},
 author={Swan, J Edward and Jones, Adam and Kolstad, Eric and Livingston, Mark A and Smallman, Harvey S},
 journal={Visualization and Computer Graphics, IEEE Transactions on},
 volume={13},
 number={3},
 pages={429--442},
 year={2007},
 publisher={IEEE}
}

@article{spe,
 title={Augmented reality in video games},
 author={Spencer, Lisa and Guha, Ratan},
 publisher={University of Central Florida}
}

@inproceedings{mei11,
 title={On building an accurate stereo matching system on graphics hardware},
 author={Mei, Xing and Sun, Xun and Zhou, Mingcai and Jiao, Shaohui and Wang, Haitao and Zhang, Xiaopeng},
 booktitle={Computer Vision Workshops (ICCV Workshops), 2011 IEEE International Conference on},
 pages={467--474},
 year={2011},
 organization={IEEE}
}

@article{hir08,
 title={Stereo processing by semiglobal matching and mutual information},
 author={Hirschmuller, Heiko},
 journal={Pattern Analysis and Machine Intelligence, IEEE Transactions on},
 volume={30},
 number={2},
 pages={328--341},
 year={2008},
 publisher={IEEE}
}

@misc{sgbm,
  author = {itseez},
  title = {{Opencv Doc}},
  month = July,
  year = {2012},
  howpublished = "\url{http://docs.opencv.org/java/org/opencv/calib3d/StereoSGBM.html}"
}

@misc{mideval,
  author = {Daniel Scharstein},
  title = {{MiddleBury Evaluation}},
  month = July,
  year = {2012},
  howpublished = "\url{http://vision.middlebury.edu/stereo/eval/}"
}

@misc{kitti,
  author = {Andreas Geiger},
  title = {{KITTI Vision}},
  month = September,
  year = {2012},
  howpublished = "\url{http://www.cvlibs.net/datasets/kitti/eval_stereo_flow.php?benchmark=stereo }"
}

@article{azuma01,
  title={Recent advances in augmented reality},
  author={Azuma, Ronald and Baillot, Yohan and Behringer, Reinhold and Feiner, Steven and Julier, Simon and MacIntyre, Blair},
  journal={Computer Graphics and Applications, IEEE},
  volume={21},
  number={6},
  pages={34--47},
  year={2001},
  publisher={IEEE}
}

